@techreport{who_2000,
  title       = {Obesity: preventing and managing the global epidemic: report of a WHO consultation},
  author      = {{World Health Organization}},
  institution = {World Health Organization},
  address     = {Geneva},
  year        = {2000},
  type        = {WHO technical report series},
  number      = {894}
}

@online{gould_stata,
  title      = {Logical expressions and missing values},
  url        = {https://www.stata.com/support/faqs/data-management/logical-expressions-and-missing-values/},
  organization = {Stata Corp},
  author     = {Gould, William},
  urldate    = {2025-09-14},
  note       = {Stata FAQ}
}